% Literaturliste zum Konzept der Master Thesis, und später auch für die Master
% Thesis selbst. Die Literatur ist die einzelnen thematischen Bereiche unterteilt
% damit sich Literatur leichter finden lässt.

% Hier eine Vorlage für Verweise auf Webseiten.

% booklet{soa_glossary,
%   Title       = {SOA Glossary - Definitions for Service-Oriented Computing Terms},
%   Author      = {Thomas Erl},
%   Url         = {http://www.soaglossary.com/},
%   Year        = {2008},
%   Lastchecked = {08.04.2008},
%   Urldate     = {2008}}

% Webseiten sind NUR als SEKUNDÄRQUELLEN ZU VERWENDEN.



%%
%% LITERATUR ZU SZENARIEN
%%





%%
%% LITERATUR ZU EVALUATION
%% 





%%
%% LITERATUR ZU SOA
%%




%%
%% LITERATUR ZU DISTRIBUTED COMPUTING
%% 





%%
%% LITERATUR ZU EVALUATION
%% 






%%
%% LITERATUR ZU MODELLIERUNG
%% 







%%
%% LITERATUR ZU ARCHITEKTUR
%% 
