% Literaturliste zum Konzept der Master Thesis, und später auch für die Master
% Thesis selbst. Die Literatur ist die einzelnen thematischen Bereiche unterteilt
% damit sich Literatur leichter finden lässt.

% Hier eine Vorlage für Verweise auf Webseiten.

% booklet{soa_glossary,
%   Title       = {SOA Glossary - Definitions for Service-Oriented Computing Terms},
%   Author      = {Thomas Erl},
%   Url         = {http://www.soaglossary.com/},
%   Year        = {2008},
%   Lastchecked = {08.04.2008},
%   Urldate     = {2008}}

% Webseiten sind NUR als SEKUNDÄRQUELLEN ZU VERWENDEN.



%%
%% LITERATUR ZU SZENARIEN
%%

@article{five_reasons_for_scenario_based_design,
  title={{Five reasons for scenario-based design}},
  author={John M. Carroll},
  journal={Interacting with Computers},
  volume={13},
  number={1},
  pages={43--60},
  year={2000},
  publisher={Elsevier}
}

@book{scenario_based_development,
  title={{Usability Engineering: Scenario-Based Development of Human-Computer Interaction}},
  author={Rosson, M.B. and Carroll, J.M.},
  publisher={Morgan Kaufmann},
  pages={422},
  year={2002}
}

@article{scenario_based_software_architecture_evaluation_methods,
  title={{Scenario Based Software Architecture Evaluation Methods: An Overview}},
  author={Ionita, M. and Hammer, D. and Obbink, H.},
  url={http://www.win.tue.nl/oas/architecting/aimes/papers/Scenario-Based%20SWA%20Evaluation%20Methods.pdf},
}

@article{scenario_based_analysis_of_software_architecture,
  author = {Rick Kazman and Gregory Abowd and Len Bass and Paul Clements},
  title = {Scenario-Based Analysis of Software Architecture},
  journal = {IEEE Softw.},
  volume = {13},
  number = {6},
  year = {1996},
  issn = {0740-7459},
  pages = {47--55},
  doi = {http://dx.doi.org/10.1109/52.542294},
  publisher = {IEEE Computer Society Press},
  address = {Los Alamitos, CA, USA},
}

@inproceedings{saam,
  author = {Rick Kazman and Len Bass and Mike Webb and Gregory Abowd},
  title = {SAAM: a method for analyzing the properties of software architectures},
  booktitle = {ICSE '94: Proceedings of the 16th international conference on Software engineering},
  year = {1994},
  isbn = {0-8186-5855-X},
  pages = {81--90},
  location = {Sorrento, Italy},
  publisher = {IEEE Computer Society Press},
  address = {Los Alamitos, CA, USA},
}

%%
%% LITERATUR ZU EVALUATION
%% 

@book{evaluating_software_architectures,
  title={{Evaluating Software Architectures - Methods and Case Studies}},
  author={Clements, P. and Kazman, R. and Klein, M.},
  year={2002},
  publisher={Addison-Wesley Professional}
}

@book{documenting_software_architectures,
  title={{Documenting Software Architectures - Views and Beyond}},
  author={Clements, P. and Bachmann, F. and Bass, L. and Garlan, D. and Ivers, J. and Little, R. and Nord, R. and Stafford, J.},
  year={2003},
  publisher={Addison-Wesley Professional}
}

@article{alma,
  title={{Architecture-level modifiability analysis (ALMA)}},
  author={Bengtsson, P.O. and Lassing, N. and Bosch, J. and van Vliet, H.},
  journal={The Journal of Systems \& Software},
  volume={69},
  number={1-2},
  pages={129--147},
  year={2004},
  publisher={Elsevier}
}

@article{faam,
  title={{Architecture Assessment of Information-System Families—A Practical Perspective}},
  author={Dolan, T.},
  journal={Library Technische Universiteit Eindhoven, Proefschrift},
  pages={1--238},
  year={2002}
}

%%
%% LITERATUR ZU SOA
%%

@article{milanovic2004csw,
  title={{Current Solutions for Web Service Composition}},
  author={Milanovic, N. and Malek, M.},
  journal={IEEE INTERNET COMPUTING},
  pages={51--59},
  year={2004},
  publisher={IEEE Computer Society}
}

@article{service_oriented_computing,
  title   = {{Service-oriented computing: concepts, characteristics and directions}},
  author  = {Papazoglou, Michael P.},
  journal = {Web Information Systems Engineering, 2003. WISE 2003. Proceedings of the Fourth International Conference on},
  pages   = {3--12},
  year    = {2003}
}

@book{soa_goes_real,
  title     = {{SOA goes real}},
  author    = {Liebhart, D.},
  year      = {2007},
  publisher = {Hanser Verlag,}
}

@booklet{soa_glossary,
  Title       = {SOA Glossary - Definitions for Service-Oriented Computing Terms},
  Author      = {Thomas Erl},
  Url         = {http://www.soaglossary.com/},
  Year        = {2008},
  Lastchecked = {12.10.2008},
  Urldate     = {2008}
}

@book{soa_expertenwissen,
	isbn      = {3898644375},
	publisher = {{Dpunkt Verlag}},
	title     = {SOA-Expertenwissen},
	author    = {Starke, G.},
	year      = {2007}
}

@article{soa,
  title={{SOA: principles of service design}},
  author={Erl, T.},
  year={2008},
  publisher={Prentice Hall}
}

@book{web_services,
  title={{Web Services: Concepts, Architectures and Applications}},
  author={Alonso, G.},
  year={2004},
  publisher={Springer}
}

@book{soa_in_practice,
  title={{SOA in Practice: The Art of Distributed System Design}},
  author={Josuttis, N.},
  year={2007},
  publisher={O'Reilly Media, Inc.}
}

@book{web_services_principles_and_technology,
  author={Papazoglou, Michael P.},
	howpublished = {Paperback},
	publisher = {{Pearson Education Ltd.}},
	title = {Web Services: Principles and Technology},
	year = {2008}
}

@book{enterprise_soa,
	author = {Krafzig, Dirk   and Banke, Karl   and Slama, Dirk  },
	howpublished = {Paperback},
	isbn = {0131465759},
	keywords = {soa, webservices},
	month = {November},
	publisher = {{Prentice Hall PTR}},
	title = {Enterprise SOA : Service-Oriented Architecture Best Practices},
	year = {2004}
}

@book{masak2007ssb,
  title={{SOA?: Serviceorientierung in Business und Software}},
  author={Masak, D.},
  year={2007},
  publisher={Springer}
}

@article{wmc_glossary,
  author        = {Workflow Management Coalition}, 
  title         = {Terminology and Glossary V3, English},
  number        = {WFMC-TC-1011},
  pages         = {65},
  volume        = {The Workflow Management Coalition Specification},
  year          = {1999},
  month         = {Feb},
  url           = {http://www.wfmc.org/index.php?option=com_docman&task=doc_download&gid=93&Itemid=74}
}

@article{the_workflow_reference_model,
  author    = {D Hollingsworth}, 
  journal   = {The Workflow Management Coalition},
  title     = {Workflow Management Coalition: The Workflow Reference Model},
  year      = {1995},
  month     = {Jan},
  url       = {http://www.aifb.uni-karlsruhe.de/Lehrangebot/Winter2000-01/Wfm/referenzm.pdf}}
  
@article{an_overview_of_workflow_management,
  title={{An overview of workflow management: From process modeling to workflow automation infrastructure}},
  author={Georgakopoulos, D. and Hornick, M. and Sheth, A.},
  journal={Distributed and Parallel Databases},
  volume={3},
  number={2},
  pages={119--153},
  year={1995},
  publisher={Kluwer Academic Publishers, Boston}
}

@article{papazoglou2007soc,
  title     = {{Service-Oriented Computing: State of the Art and Research Challenges}},
  author    = {Papazoglou, M.P. and Traverso, P. and Dustdar, S. and Leymann, F.},
  journal   = {COMPUTER},
  pages     = {38--45},
  year      = {2007},
  publisher = {IEEE Computer Society}
}

@article{peltz2003wso,
  title={{Web Services Orchestration and Choreography}},
  author={Peltz, C.},
  journal={COMPUTER},
  pages={46--52},
  year={2003},
  publisher={IEEE Computer Society}
}

@book{enterprise_service_bus,
  title={{Enterprise Service Bus}},
  author={Chappell, D.A.},
  year={2004},
  publisher={O'Reilly Media, Inc.}
}

%%
%% LITERATUR ZU DISTRIBUTED COMPUTING
%% 





%%
%% LITERATUR ZU MULTIMEDIA
%% 

@article{steinmetz1990spm,
  title={{Synchronization properties in multimedia systems}},
  author={Steinmetz, R.},
  journal={Selected Areas in Communications, IEEE Journal on},
  volume={8},
  number={3},
  pages={401--412},
  year={1990}
}

@article{bertino1998tsm,
  title={{Temporal synchronization models for multimedia data}},
  author={Bertino, E. and Ferrari, E.},
  journal={Knowledge and Data Engineering, IEEE Transactions on},
  volume={10},
  number={4},
  pages={612--631},
  year={1998}
}

@book{developing_object_oriented_multimedia_software,
  title={{Developing object-oriented multimedia software}},
  author={Ackermann, P.},
  year={1997},
  publisher={Morgan Kaufmann Publishers}
}

@book{multimedia_technologie,
  title={{Multimedia-Technologie: Grundlagen, Komponenten und Systeme}},
  author={Steinmetz, R.},
  year={2000},
  publisher={Springer}
}

@incollection{multimedia_component_frameworks,
   author    = {Simon Gibbs},
   editor    = {Oscar Nierstrasz and Dennis Tsichritzis},
   title     = {Multimedia Component Frameworks},
   booktitle = {Object-Oriented Software Composition},
   pages     = {305--319},
   publisher = {Prentice-Hall},
   year      = {1995},
   keywords  = {olit osg OOSC11},
   url       = {http://www.iam.unibe.ch/~oscar/OOSC/}
}

@inproceedings{a_multimedia_component_kit,
   author    = {Vicki de Mey and Simon Gibbs},
   title     = {A multimedia component kit: experiences with visual composition of applications},
   booktitle = {MULTIMEDIA '93: Proceedings of the first ACM international conference on Multimedia},
   year      = {1993},
   isbn      = {0-89791-596-8},
   pages     = {291--300},
   location  = {Anaheim, California, United States},
   doi       = {http://doi.acm.org/10.1145/166266.168406},
   publisher = {ACM},
   address   = {New York, NY, USA},
}


%%
%% LITERATUR ZU MODELLIERUNG
%% 





%%
%% LITERATUR ZU IMPLEMENTIERUNG
%%

@book{design_patterns,
  title={{Design patterns: elements of reusable object-oriented software}},
  author={Gamma, E. and Helm, R. and Johnson, R. and Vlissides, J.},
  year={1995},
  publisher={Addison-Wesley Professional}
}

@book{patterns_of_enterprise_application_architecture,
  title={{Patterns of Enterprise Application Architecture}},
  author={Fowler, M.},
  year={2003},
  publisher={Addison-Wesley Professional}
}

@book{enterprise_integration_patterns,
  title={{Enterprise integration patterns}},
  author={Hohpe, G. and Woolf, B. and Brown, K.},
  year={2004},
  publisher={Addison-Wesley Boston}
}

%%
%% LITERATUR ZU ARCHITEKTUR
%%

@book{effektive_software_architekturen,
  title={{Effektive Software-Architekturen - Ein praktischer Leitfaden}},
  author={Starke, G.},
  edition={3. Auflage},
  year={2008},
  publisher={Carl Hanser Verlag}
}

@book{software_architecture_in_practice,
  title={{Software Architecture in Practice}},
  author={Bass, L. and Clements, P. and Kazman, R.},
  edition={2. Auflage},
  year={2003},
  publisher={Addison-Wesley Professional}
}

@book{handbuch_der_software_architektur,
	author = {Reussner, Ralf and Hasselbring, Wilhelm},
	month = {January},
	publisher = {{Dpunkt Verlag}},
	title = {Handbuch der Software-Architektur},
	year = {2006}
}

%%
%% LITERATUR ZU COSIMA
%%

@article{bericht,
  title   = {{Konzeption eines verteilten, dienst-orienterten Rahmenwerkes für Medienverarbeitung.}},
  author  = {Breuer, D. and Cohnen, S. and Richter, M.},
  journal = {Institutsbericht. Institut für Informatik, Fakultät für Informatik und Ingenieurwissenschaften, FH Köln, Campus Gummersbach},
  volume  = {1},
  number  = {1},
  year    = {2008}
}

%%
%% LITERATUR ZU SOFTWARE BIBLIOTHEKEN
%%

@misc{jmf_specs,
	Author = {{Sun Microsystems}},
	Title = {{Java Media Framework API Guide}},
	Institution = {{Sun Microsystems, Inc.}},
	Year = {1999}
}
